%% This BibTeX bibliography file was created using BibDesk.
%% http://bibdesk.sourceforge.net/


%% Created for yuHuang at 2014-04-18 01:35:39 -0600 


%% Saved with string encoding Unicode (UTF-8) 



@inproceedings{greg:cgo09,
	Author = {Bronevetsky, Greg},
	Booktitle = {CGO},
	Date-Added = {2014-04-16 07:49:35 +0000},
	Date-Modified = {2014-04-16 07:49:35 +0000},
	Page = {1--12},
	Publisher = {IEEE Computer Society},
	Title = {Communication-sensitive static dataflow for parallel message passing applications},
	Year = {2009}}

@inproceedings{DBLP:conf/cav/RabinovitzG05,
	Author = {Ishai Rabinovitz and Orna Grumberg},
	Bibsource = {DBLP, http://dblp.uni-trier.de},
	Booktitle = {CAV},
	Date-Added = {2014-04-16 06:13:59 +0000},
	Date-Modified = {2014-04-16 06:13:59 +0000},
	Ee = {http://dx.doi.org/10.1007/11513988_9},
	Pages = {82-97},
	Title = {Bounded Model Checking of Concurrent Programs},
	Year = {2005}}

@inproceedings{DBLP:conf/ppopp/VakkalankaSGK08,
	Author = {Sarvani S. Vakkalanka and Subodh Sharma and Ganesh Gopalakrishnan and Robert M. Kirby},
	Bibsource = {DBLP, http://dblp.uni-trier.de},
	Booktitle = {PPOPP},
	Date-Added = {2014-04-16 06:11:52 +0000},
	Date-Modified = {2014-04-17 22:49:16 +0000},
	Ee = {http://doi.acm.org/10.1145/1345206.1345258},
	Pages = {285-286},
	Title = {{I}{S}{P}: a tool for model checking {M}{P}{I} programs},
	Year = {2008}}

@inproceedings{siegel:2007:tutorial,
	Author = {Stephen F. Siegel},
	Crossref = {pvmmpi2007},
	Date-Added = {2014-04-16 05:17:24 +0000},
	Date-Modified = {2014-04-16 05:17:24 +0000},
	Pages = {13--14},
	Title = {Verifying Parallel Programs with {MPI-Spin}},
	Year = {2007}}

@misc{mpich,
	Author = {{M}{P}{I}{C}{H}},
	Date-Added = {2014-04-15 21:20:43 +0000},
	Date-Modified = {2014-04-17 22:47:30 +0000},
	Title = {{H}igh-{P}erformance {P}ortable {M}{P}{I}},
	Url = {http://www.mpich.org}}

@misc{mcapi,
	Author = {{M}{C}{A}},
	Date-Added = {2014-04-10 19:16:28 +0000},
	Date-Modified = {2014-04-17 22:46:07 +0000},
	Title = {The Multicore Association Resource Management {A}{P}{I}},
	Url = {http://www.multicore-association.org/workgroup/mcapi.php},
	Bdsk-Url-1 = {http://www.multicore-association.org/workgroup%5C%5C/mcapi.php}}

@inproceedings{DBLP:conf/kbse/HuangMM13,
	Author = {Yu Huang and Eric Mercer and Jay McCarthy},
	Bibsource = {DBLP, http://dblp.uni-trier.de},
	Booktitle = {ASE},
	Date-Added = {2014-04-10 19:11:25 +0000},
	Date-Modified = {2014-04-10 19:11:25 +0000},
	Ee = {http://dx.doi.org/10.1109/ASE.2013.6693063},
	Pages = {26-36},
	Title = {Proving {M}{C}{A}{P}{I} executions are correct using {S}{M}{T}},
	Year = {2013}}

@misc{benchmark:mentoCarlo,
	Author = {J. Burkardt},
	Date-Added = {2014-04-09 19:59:06 +0000},
	Date-Modified = {2014-04-17 22:46:43 +0000},
	Title = {{M}{P}{I} {E}xamples},
	Url = {http://people.sc.fsu.edu/~jburkardt/cpp_src/mpi/mpi.html}}

@article{benchmark:fevs,
	Date-Added = {2014-04-09 19:55:05 +0000},
	Date-Modified = {2014-04-17 22:43:05 +0000},
	Journal = {http://vsl.cis.udel.edu/fevs/index.html},
	Title = {{F}{E}{V}{S} Benchmark}}

@inproceedings{dutertre:CAV06,
	Author = {Dutertre, Bruno and de Moura Leonardo},
	Booktitle = {CAV},
	Date-Added = {2014-04-09 19:37:46 +0000},
	Date-Modified = {2014-04-09 19:37:46 +0000},
	Pages = {81--94},
	Publisher = {Springer-Verlag},
	Title = {A Fast Linear-Arithmetic Solver for {D}{P}{L}{L}({T})},
	Volume = {4144 of LNCS},
	Year = {2006}}

@inproceedings{demoura:tacas08,
	Author = {de Moura, Leonardo and Bj$\o$rner, Nikolaj},
	Booktitle = {TACAS},
	Date-Added = {2014-04-09 19:35:47 +0000},
	Date-Modified = {2014-04-09 19:35:47 +0000},
	Pages = {337--340},
	Publisher = {Springer, Heidelberg},
	Title = {Z3: An Efficient {S}{M}{T} Solver},
	Volume = {4963},
	Year = {2008}}

@article{barrett2008satisfiability,
	Author = {Barrett, Clark and Ranise, Silvio and Stump, Aaron and Tinelli, Cesare},
	Date-Added = {2014-04-09 18:27:25 +0000},
	Date-Modified = {2014-04-17 22:37:52 +0000},
	Journal = {www.SMT-LIB.org},
	Title = {The satisfiability modulo theories library (SMT-LIB).},
	Year = {2008}}

@inproceedings{VakkalankaVGK09,
	Author = {Sarvani S. Vakkalanka and Anh Vo and Ganesh Gopalakrishnan and Robert M. Kirby},
	Bibsource = {DBLP, http://dblp.uni-trier.de},
	Booktitle = {FM},
	Date-Modified = {2014-04-17 22:50:32 +0000},
	Ee = {http://dx.doi.org/10.1007/978-3-642-05089-3_46},
	Pages = {724-740},
	Title = {Reduced Execution Semantics of {M}{P}{I}: From Theory to Practice},
	Year = {2009}}

@proceedings{DBLP:conf/fm/2009,
	Bibsource = {DBLP, http://dblp.uni-trier.de},
	Booktitle = {FM},
	Editor = {Ana Cavalcanti and Dennis Dams},
	Ee = {http://dx.doi.org/10.1007/978-3-642-05089-3},
	Isbn = {978-3-642-05088-6},
	Publisher = {Springer},
	Series = {Lecture Notes in Computer Science},
	Title = {FM 2009: Formal Methods, Second World Congress, Eindhoven, The Netherlands, November 2-6, 2009. Proceedings},
	Volume = {5850},
	Year = {2009}}

@inproceedings{DBLP:conf/atva/ElwakilYW10,
	Author = {Mohamed Elwakil and Zijiang Yang and Liqiang Wang},
	Bibsource = {DBLP, http://dblp.uni-trier.de},
	Booktitle = {ATVA},
	Crossref = {DBLP:conf/atva/2010},
	Date-Modified = {2014-04-18 07:35:39 +0000},
	Ee = {http://dx.doi.org/10.1007/978-3-642-15643-4_27},
	Pages = {353-358},
	Title = {{C}{R}{I}: Symbolic Debugger for {M}{C}{A}{P}{I} Applications},
	Year = {2010}}

@proceedings{DBLP:conf/atva/2010,
	Bibsource = {DBLP, http://dblp.uni-trier.de},
	Booktitle = {ATVA},
	Editor = {Ahmed Bouajjani and Wei-Ngan Chin},
	Ee = {http://dx.doi.org/10.1007/978-3-642-15643-4},
	Isbn = {978-3-642-15642-7},
	Publisher = {Springer},
	Series = {Lecture Notes in Computer Science},
	Title = {Automated Technology for Verification and Analysis - 8th International Symposium, ATVA 2010, Singapore, September 21-24, 2010. Proceedings},
	Volume = {6252},
	Year = {2010}}

@inproceedings{DBLP:conf/issta/ElwakilY10,
	Author = {Mohamed Elwakil and Zijiang Yang},
	Bibsource = {DBLP, http://dblp.uni-trier.de},
	Booktitle = {PDATAD},
	Crossref = {DBLP:conf/issta/2010p},
	Date-Modified = {2014-04-17 22:41:47 +0000},
	Ee = {http://doi.acm.org/10.1145/1866210.1866212},
	Pages = {20-25},
	Title = {Debugging support tool for {M}{C}{A}{P}{I} applications},
	Year = {2010}}

@proceedings{DBLP:conf/issta/2010p,
	Bibsource = {DBLP, http://dblp.uni-trier.de},
	Booktitle = {PADTAD},
	Editor = {Jo{\~a}o Louren\c{c}o},
	Isbn = {978-1-4503-0136-7},
	Publisher = {ACM},
	Title = {Proceedings of the 8th Workshop on Parallel and Distributed Systems: Testing, Analysis, and Debugging, PADTAD 2010, Trento, Italy, July 12-16, 2010},
	Year = {2010}}

@inproceedings{DBLP:conf/fmcad/SharmaGMH09,
	Author = {Subodh Sharma and Ganesh Gopalakrishnan and Eric Mercer and Jim Holt},
	Bibsource = {DBLP, http://dblp.uni-trier.de},
	Booktitle = {FMCAD},
	Crossref = {DBLP:conf/fmcad/2009},
	Date-Modified = {2014-04-17 22:48:06 +0000},
	Ee = {http://dx.doi.org/10.1109/FMCAD.2009.5351145},
	Pages = {41-44},
	Title = {MCC: A runtime verification tool for {M}{C}{A}{P}{I} user applications},
	Year = {2009}}

@proceedings{DBLP:conf/fmcad/2009,
	Bibsource = {DBLP, http://dblp.uni-trier.de},
	Booktitle = {FMCAD},
	Isbn = {978-1-4244-4966-8},
	Publisher = {IEEE},
	Title = {Proceedings of 9th International Conference on Formal Methods in Computer-Aided Design, FMCAD 2009, 15-18 November 2009, Austin, Texas, USA},
	Year = {2009}}

@inproceedings{DBLP:conf/sigsoft/WangCGY09,
	Author = {Chao Wang and Swarat Chaudhuri and Aarti Gupta and Yu Yang},
	Bibsource = {DBLP, http://dblp.uni-trier.de},
	Booktitle = {ESEC/SIGSOFT FSE},
	Crossref = {DBLP:conf/sigsoft/2009},
	Ee = {http://doi.acm.org/10.1145/1595696.1595702},
	Pages = {23-32},
	Title = {Symbolic pruning of concurrent program executions},
	Year = {2009}}

@proceedings{DBLP:conf/sigsoft/2009,
	Bibsource = {DBLP, http://dblp.uni-trier.de},
	Booktitle = {ESEC/SIGSOFT FSE},
	Editor = {Hans van Vliet and Val{\'e}rie Issarny},
	Isbn = {978-1-60558-001-2},
	Publisher = {ACM},
	Title = {Proceedings of the 7th joint meeting of the European Software Engineering Conference and the ACM SIGSOFT International Symposium on Foundations of Software Engineering, 2009, Amsterdam, The Netherlands, August 24-28, 2009},
	Year = {2009}}

@inproceedings{DBLP:conf/ppopp/ZhangD07,
	Author = {Yuan Zhang and Evelyn Duesterwald},
	Bibsource = {DBLP, http://dblp.uni-trier.de},
	Booktitle = {PPOPP},
	Crossref = {DBLP:conf/ppopp/2007},
	Ee = {http://doi.acm.org/10.1145/1229428.1229472},
	Pages = {194-204},
	Title = {Barrier matching for programs with textually unaligned barriers},
	Year = {2007}}

@proceedings{DBLP:conf/ppopp/2007,
	Bibsource = {DBLP, http://dblp.uni-trier.de},
	Booktitle = {PPOPP},
	Editor = {Katherine A. Yelick and John M. Mellor-Crummey},
	Ee = {http://dl.acm.org/citation.cfm?id=1229428},
	Isbn = {978-1-59593-602-8},
	Publisher = {ACM},
	Title = {Proceedings of the 12th ACM SIGPLAN Symposium on Principles and Practice of Parallel Programming, PPOPP 2007, San Jose, California, USA, March 14-17, 2007},
	Year = {2007}}

@inproceedings{DBLP:conf/tacas/BouajjaniE12,
	Author = {Ahmed Bouajjani and Michael Emmi},
	Bibsource = {DBLP, http://dblp.uni-trier.de},
	Booktitle = {TACAS},
	Crossref = {DBLP:conf/tacas/2012},
	Ee = {http://dx.doi.org/10.1007/978-3-642-28756-5_31},
	Pages = {451-465},
	Title = {Bounded Phase Analysis of Message-Passing Programs},
	Year = {2012}}

@proceedings{DBLP:conf/tacas/2012,
	Bibsource = {DBLP, http://dblp.uni-trier.de},
	Booktitle = {TACAS},
	Editor = {Cormac Flanagan and Barbara K{\"o}nig},
	Ee = {http://dx.doi.org/10.1007/978-3-642-28756-5},
	Isbn = {978-3-642-28755-8},
	Publisher = {Springer},
	Series = {Lecture Notes in Computer Science},
	Title = {Tools and Algorithms for the Construction and Analysis of Systems - 18th International Conference, TACAS 2012, Held as Part of the European Joint Conferences on Theory and Practice of Software, ETAPS 2012, Tallinn, Estonia, March 24 - April 1, 2012. Proceedings},
	Volume = {7214},
	Year = {2012}}

@inproceedings{DBLP:conf/cav/DonaldsonKKW11,
	Author = {Alastair F. Donaldson and Alexander Kaiser and Daniel Kroening and Thomas Wahl},
	Bibsource = {DBLP, http://dblp.uni-trier.de},
	Booktitle = {CAV},
	Crossref = {DBLP:conf/cav/2011},
	Ee = {http://dx.doi.org/10.1007/978-3-642-22110-1_28},
	Pages = {356-371},
	Title = {Symmetry-Aware Predicate Abstraction for Shared-Variable Concurrent Programs},
	Year = {2011}}

@proceedings{DBLP:conf/cav/2011,
	Bibsource = {DBLP, http://dblp.uni-trier.de},
	Booktitle = {CAV},
	Editor = {Ganesh Gopalakrishnan and Shaz Qadeer},
	Ee = {http://dx.doi.org/10.1007/978-3-642-22110-1},
	Isbn = {978-3-642-22109-5},
	Publisher = {Springer},
	Series = {Lecture Notes in Computer Science},
	Title = {Computer Aided Verification - 23rd International Conference, CAV 2011, Snowbird, UT, USA, July 14-20, 2011. Proceedings},
	Volume = {6806},
	Year = {2011}}

@inproceedings{DBLP:conf/tacas/WangLGG10,
	Author = {Chao Wang and Rhishikesh Limaye and Malay K. Ganai and Aarti Gupta},
	Bibsource = {DBLP, http://dblp.uni-trier.de},
	Booktitle = {TACAS},
	Crossref = {DBLP:conf/tacas/2010},
	Ee = {http://dx.doi.org/10.1007/978-3-642-12002-2_27},
	Pages = {328-342},
	Title = {Trace-Based Symbolic Analysis for Atomicity Violations},
	Year = {2010}}

@proceedings{DBLP:conf/tacas/2010,
	Bibsource = {DBLP, http://dblp.uni-trier.de},
	Booktitle = {TACAS},
	Editor = {Javier Esparza and Rupak Majumdar},
	Ee = {http://dx.doi.org/10.1007/978-3-642-12002-2},
	Isbn = {978-3-642-12001-5},
	Publisher = {Springer},
	Series = {Lecture Notes in Computer Science},
	Title = {Tools and Algorithms for the Construction and Analysis of Systems, 16th International Conference, TACAS 2010, Held as Part of the Joint European Conferences on Theory and Practice of Software, ETAPS 2010, Paphos, Cyprus, March 20-28, 2010. Proceedings},
	Volume = {6015},
	Year = {2010}}

@inproceedings{DBLP:conf/IEEEpact/VoGKSSB11,
	Author = {Anh Vo and Ganesh Gopalakrishnan and Robert M. Kirby and Bronis R. de Supinski and Martin Schulz and Greg Bronevetsky},
	Bibsource = {DBLP, http://dblp.uni-trier.de},
	Booktitle = {PACT},
	Crossref = {DBLP:conf/IEEEpact/2011},
	Date-Modified = {2014-04-17 22:51:21 +0000},
	Ee = {http://doi.ieeecomputersociety.org/10.1109/PACT.2011.64},
	Pages = {330-339},
	Title = {Large Scale Verification of {M}{P}{I} Programs Using Lamport Clocks with Lazy Update},
	Year = {2011}}

@proceedings{DBLP:conf/IEEEpact/2011,
	Bibsource = {DBLP, http://dblp.uni-trier.de},
	Booktitle = {PACT},
	Editor = {Lawrence Rauchwerger and Vivek Sarkar},
	Ee = {http://ieeexplore.ieee.org/xpl/mostRecentIssue.jsp?punumber=6112806},
	Isbn = {978-1-4577-1794-9},
	Publisher = {IEEE Computer Society},
	Title = {2011 International Conference on Parallel Architectures and Compilation Techniques, PACT 2011, Galveston, TX, USA, October 10-14, 2011},
	Year = {2011}}

@inproceedings{DBLP:conf/sc/VoAGSSB10,
	Author = {Anh Vo and Sriram Aananthakrishnan and Ganesh Gopalakrishnan and Bronis R. de Supinski and Martin Schulz and Greg Bronevetsky},
	Bibsource = {DBLP, http://dblp.uni-trier.de},
	Booktitle = {SC},
	Crossref = {DBLP:conf/sc/2010},
	Date-Modified = {2014-04-17 22:50:55 +0000},
	Ee = {http://dx.doi.org/10.1109/SC.2010.7},
	Pages = {1-10},
	Title = {A Scalable and Distributed Dynamic Formal Verifier for {M}{P}{I} Programs},
	Year = {2010}}

@proceedings{DBLP:conf/sc/2010,
	Bibsource = {DBLP, http://dblp.uni-trier.de},
	Booktitle = {SC},
	Isbn = {978-1-4244-7559-9},
	Publisher = {IEEE},
	Title = {Conference on High Performance Computing Networking, Storage and Analysis, SC 2010, New Orleans, LA, USA, November 13-19, 2010},
	Year = {2010}}

@inproceedings{DBLP:conf/cav/KahlonW12,
	Author = {Vineet Kahlon and Chao Wang},
	Bibsource = {DBLP, http://dblp.uni-trier.de},
	Booktitle = {CAV},
	Crossref = {DBLP:conf/cav/2012},
	Ee = {http://dx.doi.org/10.1007/978-3-642-31424-7_20},
	Pages = {227-242},
	Title = {Lock Removal for Concurrent Trace Programs},
	Year = {2012}}

@inproceedings{DBLP:conf/icse/WangSG11,
	Author = {Chao Wang and Mahmoud Said and Aarti Gupta},
	Bibsource = {DBLP, http://dblp.uni-trier.de},
	Booktitle = {ICSE},
	Crossref = {DBLP:conf/icse/2011},
	Ee = {http://doi.acm.org/10.1145/1985793.1985824},
	Pages = {221-230},
	Title = {Coverage guided systematic concurrency testing},
	Year = {2011}}

@proceedings{DBLP:conf/icse/2011,
	Bibsource = {DBLP, http://dblp.uni-trier.de},
	Booktitle = {ICSE},
	Editor = {Richard N. Taylor and Harald Gall and Nenad Medvidovic},
	Isbn = {978-1-4503-0445-0},
	Publisher = {ACM},
	Title = {Proceedings of the 33rd International Conference on Software Engineering, ICSE 2011, Waikiki, Honolulu , HI, USA, May 21-28, 2011},
	Year = {2011}}

@inproceedings{DBLP:conf/nfm/SaidWYS11,
	Author = {Mahmoud Said and Chao Wang and Zijiang Yang and Karem A. Sakallah},
	Bibsource = {DBLP, http://dblp.uni-trier.de},
	Booktitle = {NASA Formal Methods},
	Crossref = {DBLP:conf/nfm/2011},
	Ee = {http://dx.doi.org/10.1007/978-3-642-20398-5_23},
	Pages = {313-327},
	Title = {Generating Data Race Witnesses by an SMT-Based Analysis},
	Year = {2011}}

@proceedings{DBLP:conf/nfm/2011,
	Bibsource = {DBLP, http://dblp.uni-trier.de},
	Booktitle = {NASA Formal Methods},
	Editor = {Mihaela Gheorghiu Bobaru and Klaus Havelund and Gerard J. Holzmann and Rajeev Joshi},
	Ee = {http://dx.doi.org/10.1007/978-3-642-20398-5},
	Isbn = {978-3-642-20397-8},
	Publisher = {Springer},
	Series = {Lecture Notes in Computer Science},
	Title = {NASA Formal Methods - Third International Symposium, NFM 2011, Pasadena, CA, USA, April 18-20, 2011. Proceedings},
	Volume = {6617},
	Year = {2011}}

@inproceedings{DBLP:conf/cav/AtigBEL12,
	Author = {Mohamed Faouzi Atig and Ahmed Bouajjani and Michael Emmi and Akash Lal},
	Bibsource = {DBLP, http://dblp.uni-trier.de},
	Booktitle = {CAV},
	Crossref = {DBLP:conf/cav/2012},
	Ee = {http://dx.doi.org/10.1007/978-3-642-31424-7_19},
	Pages = {210-226},
	Title = {Detecting Fair Non-termination in Multithreaded Programs},
	Year = {2012}}

@proceedings{DBLP:conf/cav/2012,
	Bibsource = {DBLP, http://dblp.uni-trier.de},
	Booktitle = {CAV},
	Editor = {P. Madhusudan and Sanjit A. Seshia},
	Ee = {http://dx.doi.org/10.1007/978-3-642-31424-7},
	Isbn = {978-3-642-31423-0},
	Publisher = {Springer},
	Series = {Lecture Notes in Computer Science},
	Title = {Computer Aided Verification - 24th International Conference, CAV 2012, Berkeley, CA, USA, July 7-13, 2012 Proceedings},
	Volume = {7358},
	Year = {2012}}

@inproceedings{DBLP:conf/vmcai/SiegelG11,
	Author = {Stephen F. Siegel and Ganesh Gopalakrishnan},
	Bibsource = {DBLP, http://dblp.uni-trier.de},
	Booktitle = {VMCAI},
	Crossref = {DBLP:conf/vmcai/2011},
	Ee = {http://dx.doi.org/10.1007/978-3-642-18275-4_2},
	Pages = {2-18},
	Title = {Formal Analysis of Message Passing - (Invited Talk)},
	Year = {2011}}

@proceedings{DBLP:conf/vmcai/2011,
	Bibsource = {DBLP, http://dblp.uni-trier.de},
	Booktitle = {VMCAI},
	Editor = {Ranjit Jhala and David A. Schmidt},
	Ee = {http://dx.doi.org/10.1007/978-3-642-18275-4},
	Isbn = {978-3-642-18274-7},
	Publisher = {Springer},
	Series = {Lecture Notes in Computer Science},
	Title = {Verification, Model Checking, and Abstract Interpretation - 12th International Conference, VMCAI 2011, Austin, TX, USA, January 23-25, 2011. Proceedings},
	Volume = {6538},
	Year = {2011}}

@inproceedings{DBLP:conf/vmcai/Siegel07,
	Author = {Stephen F. Siegel},
	Bibsource = {DBLP, http://dblp.uni-trier.de},
	Booktitle = {VMCAI},
	Crossref = {DBLP:conf/vmcai/2007},
	Date-Modified = {2014-04-17 22:48:42 +0000},
	Ee = {http://dx.doi.org/10.1007/978-3-540-69738-1_3},
	Pages = {44-58},
	Title = {Model Checking Nonblocking {M}{P}{I} Programs},
	Year = {2007}}

@proceedings{DBLP:conf/vmcai/2007,
	Bibsource = {DBLP, http://dblp.uni-trier.de},
	Booktitle = {VMCAI},
	Editor = {Byron Cook and Andreas Podelski},
	Isbn = {978-3-540-69735-0},
	Publisher = {Springer},
	Series = {Lecture Notes in Computer Science},
	Title = {Verification, Model Checking, and Abstract Interpretation, 8th International Conference, VMCAI 2007, Nice, France, January 14-16, 2007, Proceedings},
	Volume = {4349},
	Year = {2007}}

@inproceedings{DBLP:conf/popl/FlanaganG05,
	Author = {Cormac Flanagan and Patrice Godefroid},
	Bibsource = {DBLP, http://dblp.uni-trier.de},
	Booktitle = {POPL},
	Crossref = {DBLP:conf/popl/2005},
	Ee = {http://doi.acm.org/10.1145/1040305.1040315},
	Pages = {110-121},
	Title = {Dynamic partial-order reduction for model checking software},
	Year = {2005}}

@proceedings{DBLP:conf/popl/2005,
	Bibsource = {DBLP, http://dblp.uni-trier.de},
	Booktitle = {POPL},
	Editor = {Jens Palsberg and Mart\'{\i}n Abadi},
	Ee = {http://dl.acm.org/citation.cfm?id=1040305},
	Isbn = {1-58113-830-X},
	Publisher = {ACM},
	Title = {Proceedings of the 32nd ACM SIGPLAN-SIGACT Symposium on Principles of Programming Languages, POPL 2005, Long Beach, California, USA, January 12-14, 2005},
	Year = {2005}}

@inproceedings{DBLP:conf/pldi/BurckhardtAM07,
	Author = {Sebastian Burckhardt and Rajeev Alur and Milo M. K. Martin},
	Bibsource = {DBLP, http://dblp.uni-trier.de},
	Booktitle = {PLDI},
	Crossref = {DBLP:conf/pldi/2007},
	Date-Modified = {2014-04-17 22:38:18 +0000},
	Ee = {http://doi.acm.org/10.1145/1250734.1250737},
	Pages = {12-21},
	Title = {{C}heck{F}ence: checking consistency of concurrent data types on relaxed memory models},
	Year = {2007}}

@article{DBLP:journals/scp/DubrovinJH12,
	Author = {Jori Dubrovin and Tommi A. Junttila and Keijo Heljanko},
	Bibsource = {DBLP, http://dblp.uni-trier.de},
	Ee = {http://dx.doi.org/10.1016/j.scico.2011.07.005},
	Journal = {Sci. Comput. Program.},
	Number = {10-11},
	Pages = {1095-1121},
	Title = {Exploiting step semantics for efficient bounded model checking of asynchronous systems},
	Volume = {77},
	Year = {2012}}

@inproceedings{DBLP:conf/cav/KahlonWG09,
	Author = {Vineet Kahlon and Chao Wang and Aarti Gupta},
	Bibsource = {DBLP, http://dblp.uni-trier.de},
	Booktitle = {CAV},
	Crossref = {DBLP:conf/cav/2009},
	Ee = {http://dx.doi.org/10.1007/978-3-642-02658-4_31},
	Pages = {398-413},
	Title = {Monotonic Partial Order Reduction: An Optimal Symbolic Partial Order Reduction Technique},
	Year = {2009}}

@inproceedings{DBLP:conf/pvm/SharmaVGKTG08,
	Author = {Subodh Sharma and Sarvani S. Vakkalanka and Ganesh Gopalakrishnan and Robert M. Kirby and Rajeev Thakur and William Gropp},
	Bibsource = {DBLP, http://dblp.uni-trier.de},
	Booktitle = {PVM/MPI},
	Crossref = {DBLP:conf/pvm/2008},
	Ee = {http://dx.doi.org/10.1007/978-3-540-87475-1_36},
	Pages = {265-273},
	Title = {A Formal Approach to Detect Functionally Irrelevant Barriers in MPI Programs},
	Year = {2008}}

@proceedings{DBLP:conf/pvm/2008,
	Bibsource = {DBLP, http://dblp.uni-trier.de},
	Booktitle = {PVM/MPI},
	Editor = {Alexey L. Lastovetsky and M. Tahar Kechadi and Jack Dongarra},
	Isbn = {978-3-540-87474-4},
	Publisher = {Springer},
	Series = {Lecture Notes in Computer Science},
	Title = {Recent Advances in Parallel Virtual Machine and Message Passing Interface, 15th European PVM/MPI Users' Group Meeting, Dublin, Ireland, September 7-10, 2008. Proceedings},
	Volume = {5205},
	Year = {2008}}

@inproceedings{DBLP:conf/cav/JoshiNPS09,
	Author = {Pallavi Joshi and Mayur Naik and Chang-Seo Park and Koushik Sen},
	Bibsource = {DBLP, http://dblp.uni-trier.de},
	Booktitle = {CAV},
	Crossref = {DBLP:conf/cav/2009},
	Ee = {http://dx.doi.org/10.1007/978-3-642-02658-4_54},
	Pages = {675-681},
	Title = {CalFuzzer: An Extensible Active Testing Framework for Concurrent Programs},
	Year = {2009}}

@proceedings{DBLP:conf/cav/2009,
	Bibsource = {DBLP, http://dblp.uni-trier.de},
	Booktitle = {CAV},
	Editor = {Ahmed Bouajjani and Oded Maler},
	Ee = {http://dx.doi.org/10.1007/978-3-642-02658-4},
	Isbn = {978-3-642-02657-7},
	Publisher = {Springer},
	Series = {Lecture Notes in Computer Science},
	Title = {Computer Aided Verification, 21st International Conference, CAV 2009, Grenoble, France, June 26 - July 2, 2009. Proceedings},
	Volume = {5643},
	Year = {2009}}

@inproceedings{DBLP:conf/pldi/JoshiPSN09,
	Author = {Pallavi Joshi and Chang-Seo Park and Koushik Sen and Mayur Naik},
	Bibsource = {DBLP, http://dblp.uni-trier.de},
	Booktitle = {PLDI},
	Crossref = {DBLP:conf/pldi/2009},
	Ee = {http://doi.acm.org/10.1145/1542476.1542489},
	Pages = {110-120},
	Title = {A randomized dynamic program analysis technique for detecting real deadlocks},
	Year = {2009}}

@proceedings{DBLP:conf/pldi/2009,
	Bibsource = {DBLP, http://dblp.uni-trier.de},
	Booktitle = {PLDI},
	Editor = {Michael Hind and Amer Diwan},
	Isbn = {978-1-60558-392-1},
	Publisher = {ACM},
	Title = {Proceedings of the 2009 ACM SIGPLAN Conference on Programming Language Design and Implementation, PLDI 2009, Dublin, Ireland, June 15-21, 2009},
	Year = {2009}}

@inproceedings{DBLP:conf/sigsoft/ParkS08,
	Author = {Chang-Seo Park and Koushik Sen},
	Bibsource = {DBLP, http://dblp.uni-trier.de},
	Booktitle = {SIGSOFT FSE},
	Crossref = {DBLP:conf/sigsoft/2008},
	Ee = {http://doi.acm.org/10.1145/1453101.1453121},
	Pages = {135-145},
	Title = {Randomized active atomicity violation detection in concurrent programs},
	Year = {2008}}

@proceedings{DBLP:conf/sigsoft/2008,
	Bibsource = {DBLP, http://dblp.uni-trier.de},
	Booktitle = {SIGSOFT FSE},
	Editor = {Mary Jean Harrold and Gail C. Murphy},
	Isbn = {978-1-59593-995-1},
	Publisher = {ACM},
	Title = {Proceedings of the 16th ACM SIGSOFT International Symposium on Foundations of Software Engineering, 2008, Atlanta, Georgia, USA, November 9-14, 2008},
	Year = {2008}}

@inproceedings{DBLP:conf/pldi/Sen08,
	Author = {Koushik Sen},
	Bibsource = {DBLP, http://dblp.uni-trier.de},
	Booktitle = {PLDI},
	Crossref = {DBLP:conf/pldi/2008},
	Ee = {http://doi.acm.org/10.1145/1375581.1375584},
	Pages = {11-21},
	Title = {Race directed random testing of concurrent programs},
	Year = {2008}}

@proceedings{DBLP:conf/pldi/2008,
	Bibsource = {DBLP, http://dblp.uni-trier.de},
	Booktitle = {PLDI},
	Editor = {Rajiv Gupta and Saman P. Amarasinghe},
	Isbn = {978-1-59593-860-2},
	Publisher = {ACM},
	Title = {Proceedings of the ACM SIGPLAN 2008 Conference on Programming Language Design and Implementation, Tucson, AZ, USA, June 7-13, 2008},
	Year = {2008}}

@article{DBLP:journals/tse/Holzmann97,
	Author = {Gerard J. Holzmann},
	Bibsource = {DBLP, http://dblp.uni-trier.de},
	Date-Modified = {2014-04-17 22:43:43 +0000},
	Ee = {http://doi.ieeecomputersociety.org/10.1109/32.588521},
	Journal = {IEEE Trans. Software Eng.},
	Number = {5},
	Pages = {279-295},
	Title = {The Model Checker {S}{P}{I}{N}},
	Volume = {23},
	Year = {1997}}

@article{DBLP:journals/sttt/HavelundP00,
	Author = {Klaus Havelund and Thomas Pressburger},
	Bibsource = {DBLP, http://dblp.uni-trier.de},
	Ee = {http://dx.doi.org/10.1007/s100090050043},
	Journal = {STTT},
	Number = {4},
	Pages = {366-381},
	Title = {Model Checking JAVA Programs using JAVA PathFinder},
	Volume = {2},
	Year = {2000}}

@inproceedings{DBLP:conf/issta/GroceV02,
	Author = {Alex Groce and Willem Visser},
	Bibsource = {DBLP, http://dblp.uni-trier.de},
	Booktitle = {ISSTA},
	Ee = {http://doi.acm.org/10.1145/566172.566175},
	Pages = {12-21},
	Title = {Model checking Java programs using structural heuristics},
	Year = {2002}}

@inproceedings{DBLP:conf/pldi/MusuvathiQ07,
	Author = {Madanlal Musuvathi and Shaz Qadeer},
	Bibsource = {DBLP, http://dblp.uni-trier.de},
	Booktitle = {PLDI},
	Crossref = {DBLP:conf/pldi/2007},
	Ee = {http://doi.acm.org/10.1145/1250734.1250785},
	Pages = {446-455},
	Title = {Iterative context bounding for systematic testing of multithreaded programs},
	Year = {2007}}

@proceedings{DBLP:conf/pldi/2007,
	Bibsource = {DBLP, http://dblp.uni-trier.de},
	Booktitle = {PLDI},
	Editor = {Jeanne Ferrante and Kathryn S. McKinley},
	Isbn = {978-1-59593-633-2},
	Publisher = {ACM},
	Title = {Proceedings of the ACM SIGPLAN 2007 Conference on Programming Language Design and Implementation, San Diego, California, USA, June 10-13, 2007},
	Year = {2007}}

@inproceedings{DBLP:conf/birthday/ClarkeKV10,
	Author = {Edmund M. Clarke and Robert P. Kurshan and Helmut Veith},
	Bibsource = {DBLP, http://dblp.uni-trier.de},
	Booktitle = {Essays in Memory of Amir Pnueli},
	Crossref = {DBLP:conf/birthday/2010pnueli},
	Ee = {http://dx.doi.org/10.1007/978-3-642-13754-9_4},
	Pages = {61-71},
	Title = {The Localization Reduction and Counterexample-Guided Abstraction Refinement},
	Year = {2010}}

@proceedings{DBLP:conf/birthday/2010pnueli,
	Bibsource = {DBLP, http://dblp.uni-trier.de},
	Booktitle = {Essays in Memory of Amir Pnueli},
	Editor = {Zohar Manna and Doron Peled},
	Ee = {http://dx.doi.org/10.1007/978-3-642-13754-9},
	Isbn = {978-3-642-13753-2},
	Publisher = {Springer},
	Series = {Lecture Notes in Computer Science},
	Title = {Time for Verification, Essays in Memory of Amir Pnueli},
	Volume = {6200},
	Year = {2010}}

@article{DBLP:journals/jacm/ClarkeGJLV03,
	Author = {Edmund M. Clarke and Orna Grumberg and Somesh Jha and Yuan Lu and Helmut Veith},
	Bibsource = {DBLP, http://dblp.uni-trier.de},
	Ee = {http://doi.acm.org/10.1145/876638.876643},
	Journal = {J. ACM},
	Number = {5},
	Pages = {752-794},
	Title = {Counterexample-guided abstraction refinement for symbolic model checking},
	Volume = {50},
	Year = {2003}}

@inproceedings{DBLP:conf/kbse/Sen07a,
	Author = {Koushik Sen},
	Bibsource = {DBLP, http://dblp.uni-trier.de},
	Booktitle = {ASE},
	Crossref = {DBLP:conf/kbse/2007},
	Ee = {http://doi.acm.org/10.1145/1321631.1321746},
	Pages = {571-572},
	Title = {Concolic testing},
	Year = {2007}}

@proceedings{DBLP:conf/kbse/2007,
	Bibsource = {DBLP, http://dblp.uni-trier.de},
	Booktitle = {ASE},
	Editor = {R. E. Kurt Stirewalt and Alexander Egyed and Bernd Fischer},
	Isbn = {978-1-59593-882-4},
	Publisher = {ACM},
	Title = {22nd IEEE/ACM International Conference on Automated Software Engineering (ASE 2007), November 5-9, 2007, Atlanta, Georgia, USA},
	Year = {2007}}

@inproceedings{DBLP:conf/hvc/Sen09,
	Author = {Koushik Sen},
	Bibsource = {DBLP, http://dblp.uni-trier.de},
	Booktitle = {Haifa Verification Conference},
	Crossref = {DBLP:conf/hvc/2009},
	Ee = {http://dx.doi.org/10.1007/978-3-642-19237-1_4},
	Pages = {4},
	Title = {DART: Directed Automated Random Testing},
	Year = {2009}}

@proceedings{DBLP:conf/hvc/2009,
	Bibsource = {DBLP, http://dblp.uni-trier.de},
	Booktitle = {Haifa Verification Conference},
	Editor = {Kedar S. Namjoshi and Andreas Zeller and Avi Ziv},
	Ee = {http://dx.doi.org/10.1007/978-3-642-19237-1},
	Isbn = {978-3-642-19236-4},
	Publisher = {Springer},
	Series = {Lecture Notes in Computer Science},
	Title = {Hardware and Software: Verification and Testing - 5th International Haifa Verification Conference, HVC 2009, Haifa, Israel, October 19-22, 2009, Revised Selected Papers},
	Volume = {6405},
	Year = {2011}}

@inproceedings{DBLP:conf/cav/SenA06,
	Author = {Koushik Sen and Gul Agha},
	Bibsource = {DBLP, http://dblp.uni-trier.de},
	Booktitle = {CAV},
	Crossref = {DBLP:conf/cav/2006},
	Ee = {http://dx.doi.org/10.1007/11817963_38},
	Pages = {419-423},
	Title = {CUTE and jCUTE: Concolic Unit Testing and Explicit Path Model-Checking Tools},
	Year = {2006}}

@proceedings{DBLP:conf/cav/2006,
	Bibsource = {DBLP, http://dblp.uni-trier.de},
	Booktitle = {CAV},
	Editor = {Thomas Ball and Robert B. Jones},
	Isbn = {3-540-37406-X},
	Publisher = {Springer},
	Series = {Lecture Notes in Computer Science},
	Title = {Computer Aided Verification, 18th International Conference, CAV 2006, Seattle, WA, USA, August 17-20, 2006, Proceedings},
	Volume = {4144},
	Year = {2006}}

@inproceedings{DBLP:conf/pldi/BurckhardtDMT10,
	Author = {Sebastian Burckhardt and Chris Dern and Madanlal Musuvathi and Roy Tan},
	Bibsource = {DBLP, http://dblp.uni-trier.de},
	Booktitle = {PLDI},
	Crossref = {DBLP:conf/pldi/2010},
	Ee = {http://doi.acm.org/10.1145/1806596.1806634},
	Pages = {330-340},
	Title = {Line-up: a complete and automatic linearizability checker},
	Year = {2010}}

@proceedings{DBLP:conf/pldi/2010,
	Bibsource = {DBLP, http://dblp.uni-trier.de},
	Booktitle = {PLDI},
	Editor = {Benjamin G. Zorn and Alexander Aiken},
	Isbn = {978-1-4503-0019-3},
	Publisher = {ACM},
	Title = {Proceedings of the 2010 ACM SIGPLAN Conference on Programming Language Design and Implementation, PLDI 2010, Toronto, Ontario, Canada, June 5-10, 2010},
	Year = {2010}}

@inproceedings{DBLP:conf/spin/HenzingerJMS03,
	Author = {Thomas A. Henzinger and Ranjit Jhala and Rupak Majumdar and Gr{\'e}goire Sutre},
	Bibsource = {DBLP, http://dblp.uni-trier.de},
	Booktitle = {SPIN},
	Crossref = {DBLP:conf/spin/2003},
	Ee = {http://dx.doi.org/10.1007/3-540-44829-2_17},
	Pages = {235-239},
	Title = {Software Verification with BLAST},
	Year = {2003}}

@proceedings{DBLP:conf/spin/2003,
	Bibsource = {DBLP, http://dblp.uni-trier.de},
	Booktitle = {SPIN},
	Editor = {Thomas Ball and Sriram K. Rajamani},
	Isbn = {3-540-40117-2},
	Publisher = {Springer},
	Series = {Lecture Notes in Computer Science},
	Title = {Model Checking Software, 10th International SPIN Workshop. Portland, OR, USA, May 9-10, 2003, Proceedings},
	Volume = {2648},
	Year = {2003}}

@inproceedings{Ios02,
	Author = {Iosif, Radu},
	Booktitle = {Model Checking of Software, 9th International SPIN Workshop, Grenoble, France, April 11-13, 2002, Proceedings},
	Pages = {22-41},
	Publisher = {Springer},
	Series = {Lecture Notes in Computer Science},
	Team = {DCS},
	Title = {Symmetry Reduction Criteria for Software Model Checking},
	Volume = {2318},
	Year = {2002}}

@article{DBLP:journals/fmsd/ClarkeJEF96,
	Author = {Edmund M. Clarke and Somesh Jha and Reinhard Enders and Thomas Filkorn},
	Bibsource = {DBLP, http://dblp.uni-trier.de},
	Ee = {http://dx.doi.org/10.1007/BF00625969},
	Journal = {Formal Methods in System Design},
	Number = {1/2},
	Pages = {77-104},
	Title = {Exploiting Symmetry in Temporal Logic Model Checking},
	Volume = {9},
	Year = {1996}}

@article{DBLP:journals/fmsd/EmersonS96,
	Author = {E. Allen Emerson and A. Prasad Sistla},
	Bibsource = {DBLP, http://dblp.uni-trier.de},
	Ee = {http://dx.doi.org/10.1007/BF00625970},
	Journal = {Formal Methods in System Design},
	Number = {1/2},
	Pages = {105-131},
	Title = {Symmetry and Model Checking},
	Volume = {9},
	Year = {1996}}

@inproceedings{DBLP:conf/spin/LerdaV01,
	Author = {Flavio Lerda and Willem Visser},
	Bibsource = {DBLP, http://dblp.uni-trier.de},
	Booktitle = {SPIN},
	Crossref = {DBLP:conf/spin/2001},
	Ee = {http://dx.doi.org/10.1007/3-540-45139-0_6},
	Pages = {80-102},
	Title = {Addressing Dynamic Issues of Program Model Checking},
	Year = {2001}}

@proceedings{DBLP:conf/spin/2001,
	Bibsource = {DBLP, http://dblp.uni-trier.de},
	Booktitle = {SPIN},
	Editor = {Matthew B. Dwyer},
	Isbn = {3-540-42124-6},
	Publisher = {Springer},
	Series = {Lecture Notes in Computer Science},
	Title = {Model Checking Software, 8th International SPIN Workshop, Toronto, Canada, May 19-20, 2001, Proceedings},
	Volume = {2057},
	Year = {2001}}

@inproceedings{DBLP:conf/tacas/KhurshidPV03,
	Author = {Sarfraz Khurshid and Corina S. Pasareanu and Willem Visser},
	Bibsource = {DBLP, http://dblp.uni-trier.de},
	Booktitle = {TACAS},
	Crossref = {DBLP:conf/tacas/2003},
	Ee = {http://dx.doi.org/10.1007/3-540-36577-X_40},
	Pages = {553-568},
	Title = {Generalized Symbolic Execution for Model Checking and Testing},
	Year = {2003}}

@proceedings{DBLP:conf/tacas/2003,
	Bibsource = {DBLP, http://dblp.uni-trier.de},
	Booktitle = {TACAS},
	Editor = {Hubert Garavel and John Hatcliff},
	Isbn = {3-540-00898-5},
	Publisher = {Springer},
	Series = {Lecture Notes in Computer Science},
	Title = {Tools and Algorithms for the Construction and Analysis of Systems, 9th International Conference, TACAS 2003, Held as Part of the Joint European Conferences on Theory and Practice of Software, ETAPS 2003, Warsaw, Poland, April 7-11, 2003, Proceedings},
	Volume = {2619},
	Year = {2003}}

@inproceedings{DBLP:conf/fmco/BarnettCDJL05,
	Author = {Michael Barnett and Bor-Yuh Evan Chang and Robert DeLine and Bart Jacobs and K. Rustan M. Leino},
	Bibsource = {DBLP, http://dblp.uni-trier.de},
	Booktitle = {FMCO},
	Crossref = {DBLP:conf/fmco/2005},
	Ee = {http://dx.doi.org/10.1007/11804192_17},
	Pages = {364-387},
	Title = {Boogie: A Modular Reusable Verifier for Object-Oriented Programs},
	Year = {2005}}

@proceedings{DBLP:conf/fmco/2005,
	Bibsource = {DBLP, http://dblp.uni-trier.de},
	Booktitle = {FMCO},
	Editor = {Frank S. de Boer and Marcello M. Bonsangue and Susanne Graf and Willem P. de Roever},
	Isbn = {3-540-36749-7},
	Publisher = {Springer},
	Series = {Lecture Notes in Computer Science},
	Title = {Formal Methods for Components and Objects, 4th International Symposium, FMCO 2005, Amsterdam, The Netherlands, November 1-4, 2005, Revised Lectures},
	Volume = {4111},
	Year = {2006}}

@inproceedings{DBLP:conf/tacas/ClarkeKL04,
	Author = {Edmund M. Clarke and Daniel Kroening and Flavio Lerda},
	Bibsource = {DBLP, http://dblp.uni-trier.de},
	Booktitle = {TACAS},
	Crossref = {DBLP:conf/tacas/2004},
	Date-Modified = {2014-04-17 22:40:52 +0000},
	Ee = {http://dx.doi.org/10.1007/978-3-540-24730-2_15},
	Pages = {168-176},
	Title = {A Tool for Checking {A}{N}{S}{I}-{C} Programs},
	Year = {2004}}

@proceedings{DBLP:conf/tacas/2004,
	Bibsource = {DBLP, http://dblp.uni-trier.de},
	Booktitle = {TACAS},
	Editor = {Kurt Jensen and Andreas Podelski},
	Isbn = {3-540-21299-X},
	Publisher = {Springer},
	Series = {Lecture Notes in Computer Science},
	Title = {Tools and Algorithms for the Construction and Analysis of Systems, 10th International Conference, TACAS 2004, Held as Part of the Joint European Conferences on Theory and Practice of Software, ETAPS 2004, Barcelona, Spain, March 29 - April 2, 2004, Proceedings},
	Volume = {2988},
	Year = {2004}}

@inproceedings{DBLP:conf/dac/ClarkeKY03,
	Author = {Edmund M. Clarke and Daniel Kroening and Karen Yorav},
	Bibsource = {DBLP, http://dblp.uni-trier.de},
	Booktitle = {DAC},
	Crossref = {DBLP:conf/dac/2003},
	Date-Modified = {2014-04-18 07:34:00 +0000},
	Ee = {http://doi.acm.org/10.1145/775832.775928},
	Pages = {368-371},
	Title = {Behavioral consistency of {C} and verilog programs using bounded model checking},
	Year = {2003}}

@proceedings{DBLP:conf/dac/2003,
	Bibsource = {DBLP, http://dblp.uni-trier.de},
	Booktitle = {DAC},
	Ee = {http://dl.acm.org/citation.cfm?id=775832},
	Isbn = {1-58113-688-9},
	Publisher = {ACM},
	Title = {Proceedings of the 40th Design Automation Conference, DAC 2003, Anaheim, CA, USA, June 2-6, 2003},
	Year = {2003}}

@inproceedings{DBLP:conf/pldi/CookPR06,
	Author = {Byron Cook and Andreas Podelski and Andrey Rybalchenko},
	Bibsource = {DBLP, http://dblp.uni-trier.de},
	Booktitle = {PLDI},
	Crossref = {DBLP:conf/pldi/2006},
	Ee = {http://doi.acm.org/10.1145/1133981.1134029},
	Pages = {415-426},
	Title = {Termination proofs for systems code},
	Year = {2006}}

@proceedings{DBLP:conf/pldi/2006,
	Bibsource = {DBLP, http://dblp.uni-trier.de},
	Booktitle = {PLDI},
	Editor = {Michael I. Schwartzbach and Thomas Ball},
	Isbn = {1-59593-320-4},
	Publisher = {ACM},
	Title = {Proceedings of the ACM SIGPLAN 2006 Conference on Programming Language Design and Implementation, Ottawa, Ontario, Canada, June 11-14, 2006},
	Year = {2006}}

@article{DBLP:journals/ibmsj/EdelsteinFNRU02,
	Author = {Orit Edelstein and Eitan Farchi and Yarden Nir and Gil Ratsaby and Shmuel Ur},
	Bibsource = {DBLP, http://dblp.uni-trier.de},
	Ee = {http://dx.doi.org/10.1147/sj.411.0111},
	Journal = {IBM Systems Journal},
	Number = {1},
	Pages = {111-125},
	Title = {Multithreaded Java program test generation},
	Volume = {41},
	Year = {2002}}

@inproceedings{DBLP:conf/spin/BallR00,
	Author = {Thomas Ball and Sriram K. Rajamani},
	Bibsource = {DBLP, http://dblp.uni-trier.de},
	Booktitle = {SPIN},
	Crossref = {DBLP:conf/spin/2000},
	Ee = {http://dx.doi.org/10.1007/10722468_7},
	Pages = {113-130},
	Title = {Bebop: A Symbolic Model Checker for Boolean Programs},
	Year = {2000}}

@proceedings{DBLP:conf/spin/2000,
	Bibsource = {DBLP, http://dblp.uni-trier.de},
	Booktitle = {SPIN},
	Editor = {Klaus Havelund and John Penix and Willem Visser},
	Isbn = {3-540-41030-9},
	Publisher = {Springer},
	Series = {Lecture Notes in Computer Science},
	Title = {SPIN Model Checking and Software Verification, 7th International SPIN Workshop, Stanford, CA, USA, August 30 - September 1, 2000, Proceedings},
	Volume = {1885},
	Year = {2000}}

@inproceedings{DBLP:conf/popl/BallR02,
	Author = {Thomas Ball and Sriram K. Rajamani},
	Bibsource = {DBLP, http://dblp.uni-trier.de},
	Booktitle = {POPL},
	Crossref = {DBLP:conf/popl/2002},
	Ee = {http://doi.acm.org/10.1145/503272.503274},
	Pages = {1-3},
	Title = {The SLAM project: debugging system software via static analysis},
	Year = {2002}}

@proceedings{DBLP:conf/popl/2002,
	Bibsource = {DBLP, http://dblp.uni-trier.de},
	Booktitle = {POPL},
	Editor = {John Launchbury and John C. Mitchell},
	Ee = {http://dl.acm.org/citation.cfm?id=503272},
	Isbn = {1-58113-450-9},
	Publisher = {ACM},
	Title = {Conference Record of POPL 2002: The 29th SIGPLAN-SIGACT Symposium on Principles of Programming Languages, Portland, OR, USA, January 16-18, 2002},
	Year = {2002}}

@inproceedings{DBLP:conf/fm/VakkalankaVGK09,
	Author = {Sarvani S. Vakkalanka and Anh Vo and Ganesh Gopalakrishnan and Robert M. Kirby},
	Bibsource = {DBLP, http://dblp.uni-trier.de},
	Booktitle = {FM},
	Date-Modified = {2014-04-17 22:50:06 +0000},
	Ee = {http://dx.doi.org/10.1007/978-3-642-05089-3_46},
	Pages = {724-740},
	Title = {Reduced Execution Semantics of {M}{P}{I}: From Theory to Practice},
	Year = {2009}}
